
@techreport{RAVEN,
	Author = {},
	Publisher = {Idaho National laboratory (INL)},
	Source = {https://raven.inl.gov},
	Title = {RAVEN code, https://raven.inl.gov},
	Year = {}}

@techreport{MSApril2017,
	Author = {A. Epiney and C. Rabiti and A. Alfonsi and P. Talbot and F. Ganda},
	Publisher = {Idaho National laboratory (INL) },
	Number = {INL/EXT-17-41915},
	Title = {Report on the Economic Optimization of a Demonstration Case for a Static N-R HES Configuration using RAVEN},
	Year = {April 2017}}

@techreport{TEST,
	Address = {Knoxville, TN, USA},
	Author = {Forum, Message P},
	Publisher = {University of Tennessee},
	Source = {http://www.ncstrl.org:8900/ncstrl/servlet/search?formname=detail\&id=oai%3Ancstrlh%3Autk_cs%3Ancstrl.utk_cs%2F%2FUT-CS-94-230},
	Title = {MPI: A Message-Passing Interface Standard},
	Year = {1994}}
